
@misc{protodash,
  doi = {10.48550/ARXIV.1707.01212},
  url = {https://arxiv.org/abs/1707.01212},
  author = {Gurumoorthy, Karthik S. and Dhurandhar, Amit and Cecchi, Guillermo and Aggarwal, Charu},  
  title = {Efficient Data Representation by Selecting Prototypes with Importance Weights},
  publisher = {arXiv},
  year = {2017},
}

@misc{aix360,
  doi = {10.48550/ARXIV.1909.03012},
  author = {Arya, Vijay and Bellamy, Rachel K. E. and Chen, Pin-Yu and Dhurandhar, Amit and Hind, Michael and Hoffman, Samuel C. and Houde, Stephanie and Liao, Q. Vera and Luss, Ronny and MojsiloviÄ‡, Aleksandra and Mourad, Sami and Pedemonte, Pablo and Raghavendra, Ramya and Richards, John and Sattigeri, Prasanna and Shanmugam, Karthikeyan and Singh, Moninder and Varshney, Kush R. and Wei, Dennis and Zhang, Yunfeng},  
  title = {One Explanation Does Not Fit All: A Toolkit and Taxonomy of AI Explainability Techniques},
  publisher = {arXiv},
  year = {2019}
}

@misc{lime,
  doi = {10.48550/ARXIV.1602.04938},
  author = {Ribeiro, Marco Tulio and Singh, Sameer and Guestrin, Carlos},
  title = {"{W}hy Should {I} Trust You?": Explaining the Predictions of Any Classifier},
  publisher = {arXiv},
  year = {2016},
}



